<collection xmlns="http://www.loc.gov/MARC21/slim">
<record>
  <leader>00544na 0a22001091i 450 </leader>
  <controlfield tag="001">IT\ICCU\CNCE\071733</controlfield>
  <controlfield tag="005">20070830000000.0</controlfield>
  <datafield tag="100" ind1=" " ind2=" ">
    <subfield code="a">20070830             0itac0103    ba</subfield>
  </datafield>
  <datafield tag="101" ind1=" " ind2=" ">
    <subfield code="a">LAT</subfield>
  </datafield>
  <datafield tag="200" ind1="1" ind2=" ">
    <subfield code="a">Secundum volumen. Repetitiones diuersorum doctorum in iure ciuili. Repe. auc. habita c.ne pro patre Bart. Bolognini. Repe Cato 1. 4 ff. de verb. obligatio. d. Ludo. bolognini. Repe. l. naturaliter  nihili commune ... Repe. l. cum filio. ff. de leg. i. d.Marcii Anto. Sauerij</subfield>
  </datafield>
  <datafield tag="700" ind1=" " ind2="1">
    <subfield code="a">Calderini,</subfield>
    <subfield code="b">Giovanni</subfield>
    <subfield code="3">IT\ICCU\CNCA\002377</subfield>
  </datafield>
  <datafield tag="801" ind1=" " ind2="3">
    <subfield code="a">IT</subfield>
    <subfield code="b">ICCU</subfield>
    <subfield code="c">20201115</subfield>
  </datafield>
</record>
</collection>
